@article{PER-GRA:2007,
  Author    = {P\'erez, Fernando and Granger, Brian E.},
  Title     = {{IP}ython: a System for Interactive Scientific Computing},
  Journal   = {Computing in Science and Engineering},
  Volume    = {9},
  Number    = {3},
  Pages     = {21--29},
  month     = may,
  year      = 2007,
  url       = "http://ipython.org",
  ISSN      = "1521-9615",
  doi       = {10.1109/MCSE.2007.53},
  publisher = {IEEE Computer Society},
}

@article{mckinneypandas,
  title ={pandas: a Foundational Python Library for Data Analysis and Statistics},
  Author={McKinney, Wes},
  url   = {http://pandas.pydata.org/}
}

@Article{Hunter:2007,
  Author    = {Hunter, J. D.},
  Title     = {Matplotlib: A 2D graphics environment},
  Journal   = {Computing In Science \& Engineering},
  Volume    = {9},
  Number    = {3},
  Pages     = {90--95},
  abstract  = {Matplotlib is a 2D graphics package used for Python
  for application development, interactive scripting, and
  publication-quality image generation across user
  interfaces and operating systems.},
  publisher = {IEEE COMPUTER SOC},
  year      = 2007
}

@online{statsmodels,
  title     ={Python module that allows users to explore data, estimate statistical models, and perform statistical tests},
  Author    ={McKinney, Wes and Fulton,Chad and Seabold,Skipper and Gommers,Ralf and Arel-Bundock,Vincent},
  url       = {http://statsmodels.sourceforge.net/}
}

@thesis{gornall:2015,
  Author    = {W. Gornall and I.A. Strebulaev},
  Title     = {The Economic Impact of Venture Capital:
Evidence from Public Companies},
  year      = 2015
}

@Article{vc_ru_usa,
  Author    = {Kolmakov, V and Polyakova, A and Shalaev, V},
  Title     = {An Analysis Of The Impact Of Venture Capital Investment On Economic Growth And Innovation: Evidence From The USA And Russia},
  Journal   = {Economic Annals},
  Volume    = {LC},
  Number    = {207},
  Pages     = {7--37},
  year      = 2015
}

@online{moneytree,
  title     ={Quarterly study of venture capital investment activity in the United States},
  Author    ={PricewaterhouseCoopers and NVCA and Reuters},
  year      = 2016,
  url       = {http://www.pwcmoneytree.com/}
}

@Article{vc_brander,
  Author    = {Brander James and De Bettignies, Jean-Etienne},
  Title     = {Venture capital investment: The role of predator prey dynamics with learning by doing},
  Journal   = {Economics of Innovation and New Technology},
  Volume    = {18},
  Number    = {1},
  Pages     = {1--19},
  year      = 2009
}

@thesis{engel:2002,
  Author    = {Engel, Dirk},
  Title     = {The Impact of Venture Capital on Firm Growth:An Empirical Investigation},
  url       = {ftp://ftp.zew.de/pub/zew-docs/dp/dp0202.pdf},
  year      = 2002

}

@Article{anderseen:raise,
  Author    = {Anderseen, Mark},
  Title     = {Lecture 9: How to Raise Money},
  Journal   = {CS183B Course How to Start a Startup},
  url       = {https://youtu.be/uFX95HahaUs},
  school    = {Stanford University},
  year      = 2014
}

@book{bagley,
    author    = {Constance, Bagley and Craig, Dauchy},
    title     = {"The Entrepreneur’s guide to business law"},
    year      = 2003,
    publisher = " Thompson South-Western West"
}

@Article{poterba:1989,
  Author    = {James, Poterba},
  Title     = {Venture Capital and Capital Gains Taxation},
  url       = {http://www.nber.org/papers/w2832.pdf},
  Journal   = {NATIONAL BUREAU OF ECONOMIC RESEARCH},
  year      = 1989
}

@thesis{pommet,
  Author    = {Sophie, Pommet},
  Title     = {The impact of venture capital financing on the survival of IPO firms},
  url       = {https://ideas.repec.org/p/gre/wpaper/2013-32.html},
  school    = {University of Nice-Sophia Antipolis,},
  year      = 2014
}

@thesis{vc_monitoring,
  Author    = {Shai, Bernstein and Xavier, Giroud and Richard R., Townsend},
  Title     = {The Impact of Venture Capital Monitoring},
  url       = {http://www.mit.edu/~xgiroud/VC.pdf},
  year      = 2015
}

@book{verbeek:2008,
    author    = {Verbeek, Marno},
    title     = {A Guide to Modern Econometrics},
    year      = {2008},
    publisher = {John Wiley \& Sons, Ltd},
    edition   = {3rd edition}
}

@online{cnn:2015,
  title     = {16 firms worth billions despite losing money},
  Author    = {{CNN Money}}, % double brackets to typeset CNN Money in full during citation
  year      = 2015,
  url       = {http://money.cnn.com/2015/01/23/investing/shazam-tech-startups-lose-money/}
}

@misc{schoar:2011,
  Author    = {Schoar, Anoinette},
  Title     = {Entrepreneurial Finance},
  url       = {http://bit.ly/28Nbp4S},
  school    = {MIT Sloan School of Management},
  year      = 2011
}

@online{disrupt:2015,
  title     = {Disruptive innovations and their effect on competition},
  Author    = {{OECD Panel Session}}, % double brackets to typeset CNN Money in full during citation
  year      = 2015,
  url       = {http://www.oecd.org/daf/competition/disruptive-innovations-and-competition.htm}
}

@online{edtech:2015,
  title     = {Funding To VC-Backed Education Technology Startups Grows 503\% over 5 Years},
  Author    = {{CB Insights}}, % double brackets to typeset CNN Money in full during citation
  year      = 2015,
  url       = {https://www.cbinsights.com/blog/ed-tech-funding-on-pace-record-year/}
}

@online{elevator:2010,
  title     = {What American Dream? Why the Social Elevator Stalls},
  Author    = {Rabah Ghezali}, % double brackets to typeset CNN Money in full during citation
  year      = 2010,
  url       = {http://www.huffingtonpost.com/rabah-ghezali/what-american-dream-why-t_b_694612.html}
}


@book{lerner:2004,
  Author    = {Paul Gompers and Josh Lerner},
  Title     = {The Venture Capital Cycle},
  url       = {https://mitpress.mit.edu/books/venture-capital-cycle},
  Journal   = {MIT Press},
  edition   = {2nd edition},
  year      = 2004
}


@Article{hellmann:2000,
  Author    = {Hellmann and Puri},
  Title     = {Venture Capital and the Professionalization of Start-Up Firms: Empirical Evidence},
  Journal   = {The Journal of Finance},
  Number    = {December},
  url       = {https://www.researchgate.net/publication/4812211},
  year      = 2000
}

@Article{florin:2003,
  Author    = {Juan, Florin},
  Title     = {Is venture capital worth it? Effects on firm performance and founder returns},
  Journal   = {Journal of Business Venturing},
  Number    = {20},
  pages     = {113--135},
  url       = {http://www.sciencedirect.com/science/article/pii/S0883902604000023},
  year      = 2003
}

@Article{darin:2011,
  Author    = {Marco {Da Rin} and Thomas Hellmann and Manju Puri},
  Title     = {A Survey of Venture Capital Research},
  Journal   = {CentER Discussion Paper},
  Number    = {111},
  url       = {http://papers.ssrn.com/sol3/papers.cfm?abstract_id=1942821},
  year      = 2011
}

@online{erawatch,
  title     ={Guidelines for Development of Science and Technology for 2009–2015 },
  Author    ={{Erawatch: Platform on Research and Innovation Policies and Systems}},
  date = 2016,
  month = Aug,
  day = 21,
  url = {http://erawatch.jrc.ec.europa.eu/erawatch/opencms/information/country_pages/lv/policydocument/policydoc_mig_0004}
}